<record><leader>00000cas a22000007a 4500</leader><controlfield tag="001">20445014</controlfield><controlfield tag="008">891005d19351968mduwr ne      0    0eng d</controlfield><datafield ind1=" " ind2=" " tag="010"><subfield code="a">sn 89060167 </subfield></datafield><datafield ind1=" " ind2=" " tag="040"><subfield code="a">MFN</subfield><subfield code="b">eng</subfield><subfield code="c">MFN</subfield><subfield code="d">OCLCQ</subfield></datafield><datafield ind1=" " ind2=" " tag="042"><subfield code="a">msc</subfield></datafield><datafield ind1="0" ind2=" " tag="130"><subfield code="a">Community press and Baltimore countian (Dundalk, Md. : 1935)</subfield></datafield><datafield ind1="1" ind2="4" tag="245"><subfield code="a">The community press and Baltimore countian.</subfield></datafield><datafield ind1=" " ind2=" " tag="260"><subfield code="a">Dundalk, Md. :</subfield><subfield code="b">Maryland Print. and Pub. Co.</subfield></datafield><datafield ind1=" " ind2=" " tag="300"><subfield code="a">v.</subfield></datafield><datafield ind1=" " ind2=" " tag="310"><subfield code="a">Weekly</subfield></datafield><datafield ind1="0" ind2=" " tag="362"><subfield code="a">Vol. 7, no. 41 (Dec. 19, 1935)-v. 38, no. 16 (Mar. 27, 1968).</subfield></datafield><datafield ind1=" " ind2=" " tag="752"><subfield code="a">United States</subfield><subfield code="b">Maryland</subfield><subfield code="c">Baltimore</subfield><subfield code="d">Dundalk.</subfield></datafield><datafield ind1="0" ind2="0" tag="780"><subfield code="t">Community press and Sparrows Pointer</subfield><subfield code="w">(DLC)sn 89060166</subfield></datafield><datafield ind1="0" ind2="0" tag="785"><subfield code="t">Dundalk times and community press-Baltimore countian</subfield><subfield code="w">(DLC)sn 89060165</subfield></datafield></record>